@book{marx1911contribution,
  title={A contribution to the critique of political economy},
  author={Marx, Karl},
  year={1911},
  publisher={CH Kerr}
}

@book{marx1920poverty,
  title={The poverty of philosophy},
  author={Marx, Karl},
  year={1920},
  publisher={CH Kerr}
}

